@inproceedings{Barros2018,
author = {Barros, H. Pedro and Lima, Bruno G. C. and Crispim, Felipe C. and Vieira, Tiago and Missier, Paolo and Fonseca, Baldoino},
booktitle = {Procs. 15th International Conference on Image Analysis and Recognition (ICIAR'18)},
keywords = {{\#}zika},
mendeley-tags = {{\#}zika},
title = {{Analyzing Social Network Images with Deep Learning Models to Fight Zika Virus}},
year = {2018}
}


@inproceedings{Missier2017,
	address = {Roma, Italy},
	author = {Missier, Paolo and McClean, Callum and Carlton, Jonathan and Cedrim, Diego and Silva, Leonardo and Garcia, Alessandro and Plastino, Alexandre and Romanovsky, Alexander},
	booktitle = {Web Engineering: 17th International Conference, ICWE 2017, Rome, Italy, June 5-8, 2017, Proceedings},
	editor = {Cabot, Jordi and {De Virgilio}, Roberto and Torlone, Riccardo},
	file = {:Users/npm65/Library/Application Support/Mendeley Desktop/Downloaded/Missier et al. - 2017 - Recruiting from the Network Discovering Twitter Users Who Can Help Combat Zika Epidemics(2).pdf:pdf},
	isbn = {978-3-319-60131-1},
	pages = {437--445},
	publisher = {Springer International Publishing},
	title = {{Recruiting from the Network: Discovering Twitter Users Who Can Help Combat Zika Epidemics}},
	year = {2017}
}


@article{Sousa2018,
	doi = {10.1016/j.is.2018.02.003},
	issn = {03064379},
	journal = {Information Systems},
	keywords = {Dengue,Mosquito,Social media,Surveillance,Tweets},
	title = {{VazaDengue: An information system for preventing and combating mosquito-borne diseases with social networks}},
	volume = {75},
	year = {2018}
}

@article{doi:10.1080/14742830701497277,
	author = { Chris   Bobel },
	title = {âI'm not an activist, though I've done a lot of itâ: Doing Activism, Being Activist and the âPerfect Standardâ in a Contemporary Movement},
	journal = {Social Movement Studies},
	volume = {6},
	number = {2},
	pages = {147-159},
	year  = {2007},
	publisher = {Routledge},
	doi = {10.1080/14742830701497277},
	
	URL = { 
	https://doi.org/10.1080/14742830701497277
	
	},
	eprint = { 
	https://doi.org/10.1080/14742830701497277
	}	
}

